%% This BibTeX bibliography file was created using BibDesk.
%% http://bibdesk.sourceforge.net/


@ARTICLE{Tin++08,
   author = {{Tinker}, J. and {Kravtsov}, A.~V. and {Klypin}, A. and {Abazajian}, K. and 
    {Warren}, M. and {Yepes}, G. and {Gottl{\"o}ber}, S. and {Holz}, D.~E.
    },
    title = "{Toward a Halo Mass Function for Precision Cosmology: The Limits of Universality}",
  journal = {\apj},
archivePrefix = "arXiv",
   eprint = {0803.2706},
 keywords = {Cosmology: Theory, Cosmology: Large-Scale Structure of Universe, Methods: Numerical},
     year = 2008,
    month = dec,
   volume = 688,
    pages = {709-728},
      doi = {10.1086/591439},
   adsurl = {http://adsabs.harvard.edu/abs/2008ApJ...688..709T},
  adsnote = {Provided by the SAO/NASA Astrophysics Data System}
}


@ARTICLE{Mas++15,
   author = {{Mason}, C.~A. and {Treu}, T. and {Schmidt}, K.~B. and {Collett}, T.~E. and 
    {Trenti}, M. and {Marshall}, P.~J. and {Barone-Nugent}, R. and 
    {Bradley}, L.~D. and {Stiavelli}, M. and {Wyithe}, S.},
    title = "{Correcting the z {\tilde} 8 Galaxy Luminosity Function for Gravitational Lensing Magnification Bias}",
  journal = {\apj},
archivePrefix = "arXiv",
   eprint = {1502.03795},
 keywords = {galaxies: high-redshift, galaxies: luminosity function, mass function, gravitational lensing: strong},
     year = 2015,
    month = may,
   volume = 805,
      eid = {79},
    pages = {79},
      doi = {10.1088/0004-637X/805/1/79},
   adsurl = {http://adsabs.harvard.edu/abs/2015ApJ...805...79M},
  adsnote = {Provided by the SAO/NASA Astrophysics Data System}
}


@ARTICLE{Lop++12,
   author = {{L{\'o}pez-Sanjuan}, C. and {Le F{\`e}vre}, O. and {Ilbert}, O. and 
    {Tasca}, L.~A.~M. and {Bridge}, C. and {Cucciati}, O. and {Kampczyk}, P. and 
    {Pozzetti}, L. and {Xu}, C.~K. and {Carollo}, C.~M. and {Contini}, T. and 
    {Kneib}, J.-P. and {Lilly}, S.~J. and {Mainieri}, V. and {Renzini}, A. and 
    {Sanders}, D. and {Scodeggio}, M. and {Scoville}, N.~Z. and 
    {Taniguchi}, Y. and {Zamorani}, G. and {Aussel}, H. and {Bardelli}, S. and 
    {Bolzonella}, M. and {Bongiorno}, A. and {Capak}, P. and {Caputi}, K. and 
    {de la Torre}, S. and {de Ravel}, L. and {Franzetti}, P. and 
    {Garilli}, B. and {Iovino}, A. and {Knobel}, C. and {Kova{\v c}}, K. and 
    {Lamareille}, F. and {Le Borgne}, J.-F. and {Le Brun}, V. and 
    {Le Floc'h}, E. and {Maier}, C. and {McCracken}, H.~J. and {Mignoli}, M. and 
    {Pell{\'o}}, R. and {Peng}, Y. and {P{\'e}rez-Montero}, E. and 
    {Presotto}, V. and {Ricciardelli}, E. and {Salvato}, M. and 
    {Silverman}, J.~D. and {Tanaka}, M. and {Tresse}, L. and {Vergani}, D. and 
    {Zucca}, E. and {Barnes}, L. and {Bordoloi}, R. and {Cappi}, A. and 
    {Cimatti}, A. and {Coppa}, G. and {Koekemoer}, A. and {Liu}, C.~T. and 
    {Moresco}, M. and {Nair}, P. and {Oesch}, P. and {Schawinski}, K. and 
    {Welikala}, N.},
    title = "{The dominant role of mergers in the size evolution of massive early-type galaxies since z \~{} 1}",
  journal = {\aap},
archivePrefix = "arXiv",
   eprint = {1202.4674},
 primaryClass = "astro-ph.CO",
 keywords = {galaxies: elliptical and lenticular, cD, galaxies: evolution, galaxies: interactions},
     year = 2012,
    month = dec,
   volume = 548,
      eid = {A7},
    pages = {A7},
      doi = {10.1051/0004-6361/201219085},
   adsurl = {http://adsabs.harvard.edu/abs/2012A%26A...548A...7L},
  adsnote = {Provided by the SAO/NASA Astrophysics Data System}
}

@ARTICLE{BNE13,
   author = {{Belli}, S. and {Newman}, A.~B. and {Ellis}, R.~S.},
    title = "{Velocity Dispersions and Dynamical Masses for a Large Sample of Quiescent Galaxies at z {\gt} 1: Improved Measures of the Growth in Mass and Size}",
  journal = {ArXiv e-prints},
archivePrefix = "arXiv",
   eprint = {1311.3317},
 primaryClass = "astro-ph.CO",
 keywords = {Astrophysics - Cosmology and Extragalactic Astrophysics},
     year = 2013,
    month = nov,
   adsurl = {http://adsabs.harvard.edu/abs/2013arXiv1311.3317B},
  adsnote = {Provided by the SAO/NASA Astrophysics Data System}
}

@ARTICLE{LNC03,
   author = {{Londrillo}, P. and {Nipoti}, C. and {Ciotti}, L.},
    title = "{A parallel implementation of a new fast algorithm for N-body simulations}",
  journal = {Memorie della Societa Astronomica Italiana Supplementi},
   eprint = {astro-ph/0212130},
 keywords = {methods: N-body simulations, methods: numerical, galaxies: elliptical and lenticular, cD, galaxies: formation, galaxies: fundamental parameters},
     year = 2003,
   volume = 1,
    pages = {18},
   adsurl = {http://adsabs.harvard.edu/abs/2003MSAIS...1...18L},
  adsnote = {Provided by the SAO/NASA Astrophysics Data System}
}


@ARTICLE{Cio++07,
   author = {{Ciotti}, L. and {Lanzoni}, B. and {Volonteri}, M.},
    title = "{The Importance of Dry and Wet Merging on the Formation and Evolution of Elliptical Galaxies}",
  journal = {\apj},
   eprint = {astro-ph/0611328},
 keywords = {Galaxies: Elliptical and Lenticular, cD, Galaxies: Evolution, Galaxies: Formation, Galaxies: Fundamental Parameters, Galaxies: Structure},
     year = 2007,
    month = mar,
   volume = 658,
    pages = {65-77},
      doi = {10.1086/510773},
   adsurl = {http://adsabs.harvard.edu/abs/2007ApJ...658...65C},
  adsnote = {Provided by the SAO/NASA Astrophysics Data System}
}


@ARTICLE{Hop13,
   author = {{Hopkins}, P.~F.},
    title = "{Variations in the stellar CMF and IMF: from bottom to top}",
  journal = {\mnras},
archivePrefix = "arXiv",
   eprint = {1204.2835},
 keywords = {galaxies: active, galaxies: evolution, galaxies: formation, cosmology: theory},
     year = 2013,
    month = jul,
   volume = 433,
    pages = {170-177},
      doi = {10.1093/mnras/stt713},
   adsurl = {http://adsabs.harvard.edu/abs/2013MNRAS.433..170H},
  adsnote = {Provided by the SAO/NASA Astrophysics Data System}
}


@ARTICLE{Nip++12,
   author = {{Nipoti}, C. and {Treu}, T. and {Leauthaud}, A. and {Bundy}, K. and 
	{Newman}, A.~B. and {Auger}, M.~W.},
    title = "{Size and velocity-dispersion evolution of early-type galaxies in a {$\Lambda$} cold dark matter universe}",
  journal = {\mnras},
archivePrefix = "arXiv",
   eprint = {1202.0971},
 primaryClass = "astro-ph.GA",
 keywords = {galaxies: elliptical and lenticular, cD, galaxies: evolution, galaxies: formation, galaxies: kinematics and dynamics, galaxies: structure},
     year = 2012,
    month = may,
   volume = 422,
    pages = {1714-1731},
      doi = {10.1111/j.1365-2966.2012.20749.x},
   adsurl = {http://adsabs.harvard.edu/abs/2012MNRAS.422.1714N},
  adsnote = {Provided by the SAO/NASA Astrophysics Data System}
}


@ARTICLE{SNT14,
   author = {{Sonnenfeld}, A. and {Nipoti}, C. and {Treu}, T.},
    title = "{Purely Dry Mergers do not Explain the Observed Evolution of Massive Early-type Galaxies since z \~{} 1}",
  journal = {\apj},
archivePrefix = "arXiv",
   eprint = {1310.3280},
 keywords = {galaxies: elliptical and lenticular, cD, galaxies: evolution},
     year = 2014,
    month = may,
   volume = 786,
      eid = {89},
    pages = {89},
      doi = {10.1088/0004-637X/786/2/89},
   adsurl = {http://adsabs.harvard.edu/abs/2014ApJ...786...89S},
  adsnote = {Provided by the SAO/NASA Astrophysics Data System}
}


@article{Tre++10,
	Adsnote = {Provided by the SAO/NASA Astrophysics Data System},
	Adsurl = {http://adsabs.harvard.edu/abs/2010ApJ...709.1195T},
	Archiveprefix = {arXiv},
	Author = {{Treu}, T. and {Auger}, M.~W. and {Koopmans}, L.~V.~E. and {Gavazzi}, R. and {Marshall}, P.~J. and {Bolton}, A.~S.},
	Doi = {10.1088/0004-637X/709/2/1195},
	Eprint = {0911.3392},
	Journal = {\apj},
	Keywords = {galaxies: elliptical and lenticular, cD, galaxies: evolution, galaxies: formation, galaxies: structure},
	Month = feb,
	Pages = {1195-1202},
	Title = {{The Initial Mass Function of Early-Type Galaxies}},
	Volume = 709,
	Year = 2010,
	Bdsk-Url-1 = {http://dx.doi.org/10.1088/0004-637X/709/2/1195}}


@ARTICLE{Cap++12,
   author = {{Cappellari}, M. and {McDermid}, R.~M. and {Alatalo}, K. and 
    {Blitz}, L. and {Bois}, M. and {Bournaud}, F. and {Bureau}, M. and 
    {Crocker}, A.~F. and {Davies}, R.~L. and {Davis}, T.~A. and 
    {de Zeeuw}, P.~T. and {Duc}, P.-A. and {Emsellem}, E. and {Khochfar}, S. and 
    {Krajnovi{\'c}}, D. and {Kuntschner}, H. and {Lablanche}, P.-Y. and 
    {Morganti}, R. and {Naab}, T. and {Oosterloo}, T. and {Sarzi}, M. and 
    {Scott}, N. and {Serra}, P. and {Weijmans}, A.-M. and {Young}, L.~M.
    },
    title = "{Systematic variation of the stellar initial mass function in early-type galaxies}",
  journal = {\nat},
archivePrefix = "arXiv",
   eprint = {1202.3308},
 primaryClass = "astro-ph.CO",
     year = 2012,
    month = apr,
   volume = 484,
    pages = {485-488},
      doi = {10.1038/nature10972},
   adsurl = {http://adsabs.harvard.edu/abs/2012Natur.484..485C},
  adsnote = {Provided by the SAO/NASA Astrophysics Data System}
}


@ARTICLE{vDo++10,
   author = {{van Dokkum}, P.~G. and {Whitaker}, K.~E. and {Brammer}, G. and 
	{Franx}, M. and {Kriek}, M. and {Labb{\'e}}, I. and {Marchesini}, D. and 
	{Quadri}, R. and {Bezanson}, R. and {Illingworth}, G.~D. and 
	{Muzzin}, A. and {Rudnick}, G. and {Tal}, T. and {Wake}, D.},
    title = "{The Growth of Massive Galaxies Since z = 2}",
  journal = {\apj},
archivePrefix = "arXiv",
   eprint = {0912.0514},
 primaryClass = "astro-ph.CO",
 keywords = {cosmology: observations, galaxies: evolution, galaxies: formation},
     year = 2010,
    month = feb,
   volume = 709,
    pages = {1018-1041},
      doi = {10.1088/0004-637X/709/2/1018},
   adsurl = {http://adsabs.harvard.edu/abs/2010ApJ...709.1018V},
  adsnote = {Provided by the SAO/NASA Astrophysics Data System}
}


@ARTICLE{CvD12,
   author = {{Conroy}, C. and {van Dokkum}, P.~G.},
    title = "{The Stellar Initial Mass Function in Early-type Galaxies From Absorption Line Spectroscopy. II. Results}",
  journal = {\apj},
archivePrefix = "arXiv",
   eprint = {1205.6473},
 primaryClass = "astro-ph.CO",
 keywords = {galaxies: abundances, galaxies: elliptical and lenticular, cD, galaxies: stellar content},
     year = 2012,
    month = nov,
   volume = 760,
      eid = {71},
    pages = {71},
      doi = {10.1088/0004-637X/760/1/71},
   adsurl = {http://adsabs.harvard.edu/abs/2012ApJ...760...71C},
  adsnote = {Provided by the SAO/NASA Astrophysics Data System}
}


@ARTICLE{Spi++14,
   author = {{Spiniello}, C. and {Trager}, S. and {Koopmans}, L.~V.~E. and 
    {Conroy}, C.},
    title = "{The stellar IMF in early-type galaxies from a non-degenerate set of optical line indices}",
  journal = {\mnras},
archivePrefix = "arXiv",
   eprint = {1305.2873},
 keywords = {gravitational lensing: strong, galaxies: elliptical and lenticular, cD, galaxies: evolution, galaxies: kinematics and dynamics, galaxies: structure, dark matter},
     year = 2014,
    month = feb,
   volume = 438,
    pages = {1483-1499},
      doi = {10.1093/mnras/stt2282},
   adsurl = {http://adsabs.harvard.edu/abs/2014MNRAS.438.1483S},
  adsnote = {Provided by the SAO/NASA Astrophysics Data System}
}


@ARTICLE{LaB++13,
   author = {{La Barbera}, F. and {Ferreras}, I. and {Vazdekis}, A. and {de la Rosa}, I.~G. and 
    {de Carvalho}, R.~R. and {Trevisan}, M. and {Falc{\'o}n-Barroso}, J. and 
    {Ricciardelli}, E.},
    title = "{SPIDER VIII - constraints on the stellar initial mass function of early-type galaxies from a variety of spectral features}",
  journal = {\mnras},
archivePrefix = "arXiv",
   eprint = {1305.2273},
 keywords = {galaxies: formation, galaxies: fundamental parameters, galaxies: stellar content},
     year = 2013,
    month = aug,
   volume = 433,
    pages = {3017-3047},
      doi = {10.1093/mnras/stt943},
   adsurl = {http://adsabs.harvard.edu/abs/2013MNRAS.433.3017L},
  adsnote = {Provided by the SAO/NASA Astrophysics Data System}
}


@ARTICLE{Aug++10b,
   author = {{Auger}, M.~W. and {Treu}, T. and {Gavazzi}, R. and {Bolton}, A.~S. and 
    {Koopmans}, L.~V.~E. and {Marshall}, P.~J.},
    title = "{Dark Matter Contraction and the Stellar Content of Massive Early-type Galaxies: Disfavoring ''Light'' Initial Mass Functions}",
  journal = {\apjl},
archivePrefix = "arXiv",
   eprint = {1007.2409},
 primaryClass = "astro-ph.CO",
 keywords = {dark matter, galaxies: elliptical and lenticular, cD, galaxies: halos, galaxies: structure},
     year = 2010,
    month = oct,
   volume = 721,
    pages = {L163-L167},
      doi = {10.1088/2041-8205/721/2/L163},
   adsurl = {http://adsabs.harvard.edu/abs/2010ApJ...721L.163A},
  adsnote = {Provided by the SAO/NASA Astrophysics Data System}
}


@ARTICLE{Son++15,
   author = {{Sonnenfeld}, A. and {Treu}, T. and {Marshall}, P.~J. and {Suyu}, S.~H. and 
    {Gavazzi}, R. and {Auger}, M.~W. and {Nipoti}, C.},
    title = "{The SL2S Galaxy-scale Lens Sample. V. Dark Matter Halos and Stellar IMF of Massive Early-type Galaxies Out to Redshift 0.8}",
  journal = {\apj},
archivePrefix = "arXiv",
   eprint = {1410.1881},
 keywords = {galaxies: elliptical and lenticular, cD, galaxies: evolution, gravitational lensing: strong },
     year = 2015,
    month = feb,
   volume = 800,
      eid = {94},
    pages = {94},
      doi = {10.1088/0004-637X/800/2/94},
   adsurl = {http://adsabs.harvard.edu/abs/2015ApJ...800...94S},
  adsnote = {Provided by the SAO/NASA Astrophysics Data System}
}


@ARTICLE{Pos++15,
   author = {{Posacki}, S. and {Cappellari}, M. and {Treu}, T. and {Pellegrini}, S. and 
    {Ciotti}, L.},
    title = "{The stellar initial mass function of early-type galaxies from low to high stellar velocity dispersion: homogeneous analysis of ATLAS$^{3D}$ and Sloan Lens ACS galaxies}",
  journal = {\mnras},
archivePrefix = "arXiv",
   eprint = {1407.5633},
 keywords = {galaxies: elliptical and lenticular, cD, galaxies: evolution, galaxies: formation, galaxies: kinematics and dynamics, galaxies: structure},
     year = 2015,
    month = jan,
   volume = 446,
    pages = {493-509},
      doi = {10.1093/mnras/stu2098},
   adsurl = {http://adsabs.harvard.edu/abs/2015MNRAS.446..493P},
  adsnote = {Provided by the SAO/NASA Astrophysics Data System}
}


@ARTICLE{Spi++15,
   author = {{Spiniello}, C. and {Barnab{\`e}}, M. and {Koopmans}, L.~V.~E. and 
    {Trager}, S.~C.},
    title = "{Are the total mass density and the low-mass end slope of the IMF anticorrelated?}",
  journal = {\mnras},
archivePrefix = "arXiv",
   eprint = {1505.07450},
 keywords = {gravitational lensing: strong, galaxies: elliptical and lenticular, cD, galaxies: formation, galaxies: kinematics and dynamics, galaxies: structure, dark matter},
     year = 2015,
    month = sep,
   volume = 452,
    pages = {L21-L25},
      doi = {10.1093/mnrasl/slv079},
   adsurl = {http://adsabs.harvard.edu/abs/2015MNRAS.452L..21S},
  adsnote = {Provided by the SAO/NASA Astrophysics Data System}
}



@ARTICLE{Lea++12,
   author = {{Leauthaud}, A. and {Tinker}, J. and {Bundy}, K. and {Behroozi}, P.~S. and 
    {Massey}, R. and {Rhodes}, J. and {George}, M.~R. and {Kneib}, J.-P. and 
    {Benson}, A. and {Wechsler}, R.~H. and {Busha}, M.~T. and {Capak}, P. and 
    {Cort{\^e}s}, M. and {Ilbert}, O. and {Koekemoer}, A.~M. and 
    {Le F{\`e}vre}, O. and {Lilly}, S. and {McCracken}, H.~J. and 
    {Salvato}, M. and {Schrabback}, T. and {Scoville}, N. and {Smith}, T. and 
    {Taylor}, J.~E.},
    title = "{New Constraints on the Evolution of the Stellar-to-dark Matter Connection: A Combined Analysis of Galaxy-Galaxy Lensing, Clustering, and Stellar Mass Functions from z = 0.2 to z =1}",
  journal = {\apj},
archivePrefix = "arXiv",
   eprint = {1104.0928},
 primaryClass = "astro-ph.CO",
 keywords = {dark matter, galaxies: evolution, galaxies: formation, galaxies: luminosity function, mass function, galaxies: stellar content, gravitational lensing: weak},
     year = 2012,
    month = jan,
   volume = 744,
      eid = {159},
    pages = {159},
      doi = {10.1088/0004-637X/744/2/159},
   adsurl = {http://adsabs.harvard.edu/abs/2012ApJ...744..159L},
  adsnote = {Provided by the SAO/NASA Astrophysics Data System}
}


@article{Aug++10,
	Adsnote = {Provided by the SAO/NASA Astrophysics Data System},
	Adsurl = {http://cdsads.u-strasbg.fr/abs/2010ApJ...724..511A},
	Archiveprefix = {arXiv},
	Author = {{Auger}, M.~W. and {Treu}, T. and {Bolton}, A.~S. and {Gavazzi}, R. and {Koopmans}, L.~V.~E. and {Marshall}, P.~J. and {Moustakas}, L.~A. and {Burles}, S.},
	Doi = {10.1088/0004-637X/724/1/511},
	Eprint = {1007.2880},
	Journal = {\apj},
	Keywords = {dark matter, galaxies: elliptical and lenticular, cD, galaxies: fundamental parameters, galaxies: structure, gravitational lensing: strong},
	Month = nov,
	Pages = {511-525},
	Primaryclass = {astro-ph.CO},
	Title = {{The Sloan Lens ACS Survey. X. Stellar, Dynamical, and Total Mass Correlations of Massive Early-type Galaxies}},
	Volume = 724,
	Year = 2010,
	Bdsk-Url-1 = {http://dx.doi.org/10.1088/0004-637X/724/1/511}}


@ARTICLE{Hop12,
   author = {{Hopkins}, P.~F.},
    title = "{The stellar initial mass function, core mass function and the last-crossing distribution}",
  journal = {\mnras},
archivePrefix = "arXiv",
   eprint = {1201.4387},
 primaryClass = "astro-ph.GA",
 keywords = {galaxies: active, galaxies: evolution, galaxies: formation, galaxies: star formation, cosmology: theory},
     year = 2012,
    month = jul,
   volume = 423,
    pages = {2037-2044},
      doi = {10.1111/j.1365-2966.2012.20731.x},
   adsurl = {http://adsabs.harvard.edu/abs/2012MNRAS.423.2037H},
  adsnote = {Provided by the SAO/NASA Astrophysics Data System}
}


@ARTICLE{Kru11,
   author = {{Krumholz}, M.~R.},
    title = "{On the Origin of Stellar Masses}",
  journal = {\apj},
archivePrefix = "arXiv",
   eprint = {1109.1564},
 primaryClass = "astro-ph.SR",
 keywords = {ISM: kinematics and dynamics, radiative transfer, stars: formation, stars: luminosity function, mass function},
     year = 2011,
    month = dec,
   volume = 743,
      eid = {110},
    pages = {110},
      doi = {10.1088/0004-637X/743/2/110},
   adsurl = {http://adsabs.harvard.edu/abs/2011ApJ...743..110K},
  adsnote = {Provided by the SAO/NASA Astrophysics Data System}
}


@ARTICLE{Cas++13,
   author = {{Cassata}, P. and {Giavalisco}, M. and {Williams}, C.~C. and 
    {Guo}, Y. and {Lee}, B. and {Renzini}, A. and {Ferguson}, H. and 
    {Faber}, S.~F. and {Barro}, G. and {McIntosh}, D.~H. and {Lu}, Y. and 
    {Bell}, E.~F. and {Koo}, D.~C. and {Papovich}, C.~J. and {Ryan}, R.~E. and 
    {Conselice}, C.~J. and {Grogin}, N. and {Koekemoer}, A. and 
    {Hathi}, N.~P.},
    title = "{Constraining the Assembly of Normal and Compact Passively Evolving Galaxies from Redshift z = 3 to the Present with CANDELS}",
  journal = {\apj},
archivePrefix = "arXiv",
   eprint = {1303.2689},
 primaryClass = "astro-ph.CO",
 keywords = {cosmology: observations, galaxies: evolution, galaxies: fundamental parameters },
     year = 2013,
    month = oct,
   volume = 775,
      eid = {106},
    pages = {106},
      doi = {10.1088/0004-637X/775/2/106},
   adsurl = {http://adsabs.harvard.edu/abs/2013ApJ...775..106C},
  adsnote = {Provided by the SAO/NASA Astrophysics Data System}
}


@ARTICLE{Lop++12,
   author = {{L{\'o}pez-Sanjuan}, C. and {Le F{\`e}vre}, O. and {Ilbert}, O. and 
    {Tasca}, L.~A.~M. and {Bridge}, C. and {Cucciati}, O. and {Kampczyk}, P. and 
    {Pozzetti}, L. and {Xu}, C.~K. and {Carollo}, C.~M. and {Contini}, T. and 
    {Kneib}, J.-P. and {Lilly}, S.~J. and {Mainieri}, V. and {Renzini}, A. and 
    {Sanders}, D. and {Scodeggio}, M. and {Scoville}, N.~Z. and 
    {Taniguchi}, Y. and {Zamorani}, G. and {Aussel}, H. and {Bardelli}, S. and 
    {Bolzonella}, M. and {Bongiorno}, A. and {Capak}, P. and {Caputi}, K. and 
    {de la Torre}, S. and {de Ravel}, L. and {Franzetti}, P. and 
    {Garilli}, B. and {Iovino}, A. and {Knobel}, C. and {Kova{\v c}}, K. and 
    {Lamareille}, F. and {Le Borgne}, J.-F. and {Le Brun}, V. and 
    {Le Floc'h}, E. and {Maier}, C. and {McCracken}, H.~J. and {Mignoli}, M. and 
    {Pell{\'o}}, R. and {Peng}, Y. and {P{\'e}rez-Montero}, E. and 
    {Presotto}, V. and {Ricciardelli}, E. and {Salvato}, M. and 
    {Silverman}, J.~D. and {Tanaka}, M. and {Tresse}, L. and {Vergani}, D. and 
    {Zucca}, E. and {Barnes}, L. and {Bordoloi}, R. and {Cappi}, A. and 
    {Cimatti}, A. and {Coppa}, G. and {Koekemoer}, A. and {Liu}, C.~T. and 
    {Moresco}, M. and {Nair}, P. and {Oesch}, P. and {Schawinski}, K. and 
    {Welikala}, N.},
    title = "{The dominant role of mergers in the size evolution of massive early-type galaxies since z \~{} 1}",
  journal = {\aap},
archivePrefix = "arXiv",
   eprint = {1202.4674},
 primaryClass = "astro-ph.CO",
 keywords = {galaxies: elliptical and lenticular, cD, galaxies: evolution, galaxies: interactions},
     year = 2012,
    month = dec,
   volume = 548,
      eid = {A7},
    pages = {A7},
      doi = {10.1051/0004-6361/201219085},
   adsurl = {http://adsabs.harvard.edu/abs/2012A%26A...548A...7L},
  adsnote = {Provided by the SAO/NASA Astrophysics Data System}
}


@ARTICLE{H+C11,
   author = {{Hennebelle}, P. and {Chabrier}, G.},
    title = "{Analytical Star Formation Rate from Gravoturbulent Fragmentation}",
  journal = {\apjl},
archivePrefix = "arXiv",
   eprint = {1110.0033},
 keywords = {ISM: clouds, turbulence, stars: formation},
     year = 2011,
    month = dec,
   volume = 743,
      eid = {L29},
    pages = {L29},
      doi = {10.1088/2041-8205/743/2/L29},
   adsurl = {http://adsabs.harvard.edu/abs/2011ApJ...743L..29H},
  adsnote = {Provided by the SAO/NASA Astrophysics Data System}
}


@ARTICLE{Hop12,
   author = {{Hopkins}, P.~F.},
    title = "{The stellar initial mass function, core mass function and the last-crossing distribution}",
  journal = {\mnras},
archivePrefix = "arXiv",
   eprint = {1201.4387},
 primaryClass = "astro-ph.GA",
 keywords = {galaxies: active, galaxies: evolution, galaxies: formation, galaxies: star formation, cosmology: theory},
     year = 2012,
    month = jul,
   volume = 423,
    pages = {2037-2044},
      doi = {10.1111/j.1365-2966.2012.20731.x},
   adsurl = {http://adsabs.harvard.edu/abs/2012MNRAS.423.2037H},
  adsnote = {Provided by the SAO/NASA Astrophysics Data System}
}



@ARTICLE{BCM10,
   author = {{Bastian}, N. and {Covey}, K.~R. and {Meyer}, M.~R.},
    title = "{A Universal Stellar Initial Mass Function? A Critical Look at Variations}",
  journal = {\araa},
archivePrefix = "arXiv",
   eprint = {1001.2965},
     year = 2010,
    month = sep,
   volume = 48,
    pages = {339-389},
      doi = {10.1146/annurev-astro-082708-101642},
   adsurl = {http://adsabs.harvard.edu/abs/2010ARA%26A..48..339B},
  adsnote = {Provided by the SAO/NASA Astrophysics Data System}
}


@ARTICLE{GKH15,
   author = {{Guszejnov}, D. and {Krumholz}, M.~R. and {Hopkins}, P.~F.},
    title = "{The Necessity of Feedback Physics in Setting the Peak of the Initial Mass Function}",
  journal = {ArXiv e-prints},
archivePrefix = "arXiv",
   eprint = {1510.05040},
 primaryClass = "astro-ph.SR",
 keywords = {Astrophysics - Solar and Stellar Astrophysics, Astrophysics - Cosmology and Nongalactic Astrophysics, Astrophysics - Astrophysics of Galaxies},
     year = 2015,
    month = oct,
   adsurl = {http://adsabs.harvard.edu/abs/2015arXiv151005040G},
  adsnote = {Provided by the SAO/NASA Astrophysics Data System}
}


@ARTICLE{Ilb++13,
   author = {{Ilbert}, O. and {McCracken}, H.~J. and {Le F{\`e}vre}, O. and 
	{Capak}, P. and {Dunlop}, J. and {Karim}, A. and {Renzini}, M.~A. and 
	{Caputi}, K. and {Boissier}, S. and {Arnouts}, S. and {Aussel}, H. and 
	{Comparat}, J. and {Guo}, Q. and {Hudelot}, P. and {Kartaltepe}, J. and 
	{Kneib}, J.~P. and {Krogager}, J.~K. and {Le Floc'h}, E. and 
	{Lilly}, S. and {Mellier}, Y. and {Milvang-Jensen}, B. and {Moutard}, T. and 
	{Onodera}, M. and {Richard}, J. and {Salvato}, M. and {Sanders}, D.~B. and 
	{Scoville}, N. and {Silverman}, J.~D. and {Taniguchi}, Y. and 
	{Tasca}, L. and {Thomas}, R. and {Toft}, S. and {Tresse}, L. and 
	{Vergani}, D. and {Wolk}, M. and {Zirm}, A.},
    title = "{Mass assembly in quiescent and star-forming galaxies since z {\sime} 4 from UltraVISTA}",
  journal = {\aap},
archivePrefix = "arXiv",
   eprint = {1301.3157},
 keywords = {galaxies: distances and redshifts, galaxies: evolution, galaxies: formation, galaxies: star formation, galaxies: stellar content},
     year = 2013,
    month = aug,
   volume = 556,
      eid = {A55},
    pages = {A55},
      doi = {10.1051/0004-6361/201321100},
   adsurl = {http://adsabs.harvard.edu/abs/2013A%26A...556A..55I},
  adsnote = {Provided by the SAO/NASA Astrophysics Data System}
}


@ARTICLE{FMB10,
   author = {{Fakhouri}, O. and {Ma}, C.-P. and {Boylan-Kolchin}, M.},
    title = "{The merger rates and mass assembly histories of dark matter haloes in the two Millennium simulations}",
  journal = {\mnras},
archivePrefix = "arXiv",
   eprint = {1001.2304},
 primaryClass = "astro-ph.CO",
 keywords = {galaxies: formation, cosmology: theory, dark matter, large-scale structure of Universe},
     year = 2010,
    month = aug,
   volume = 406,
    pages = {2267-2278},
      doi = {10.1111/j.1365-2966.2010.16859.x},
   adsurl = {http://adsabs.harvard.edu/abs/2010MNRAS.406.2267F},
  adsnote = {Provided by the SAO/NASA Astrophysics Data System}
}


@ARTICLE{NJO09,
   author = {{Naab}, T. and {Johansson}, P.~H. and {Ostriker}, J.~P.},
    title = "{Minor Mergers and the Size Evolution of Elliptical Galaxies}",
  journal = {\apjl},
archivePrefix = "arXiv",
   eprint = {0903.1636},
 primaryClass = "astro-ph.CO",
 keywords = {galaxies: elliptical and lenticular, cd, galaxies: evolution, galaxies: interactions, galaxies: structure, methods: numerical},
     year = 2009,
    month = jul,
   volume = 699,
    pages = {L178-L182},
      doi = {10.1088/0004-637X/699/2/L178},
   adsurl = {http://adsabs.harvard.edu/abs/2009ApJ...699L.178N},
  adsnote = {Provided by the SAO/NASA Astrophysics Data System}
}

@ARTICLE{Ose++12,
   author = {{Oser}, L. and {Naab}, T. and {Ostriker}, J.~P. and {Johansson}, P.~H.
    },
    title = "{The Cosmological Size and Velocity Dispersion Evolution of Massive Early-type Galaxies}",
  journal = {\apj},
archivePrefix = "arXiv",
   eprint = {1106.5490},
 keywords = {galaxies: elliptical and lenticular, cD, galaxies: evolution, galaxies: interactions, galaxies: kinematics and dynamics, methods: numerical},
     year = 2012,
    month = jan,
   volume = 744,
      eid = {63},
    pages = {63},
      doi = {10.1088/0004-637X/744/1/63},
   adsurl = {http://adsabs.harvard.edu/abs/2012ApJ...744...63O},
  adsnote = {Provided by the SAO/NASA Astrophysics Data System}
}

@ARTICLE{Gar++15,
   author = {{Gargiulo}, A. and {Saracco}, P. and {Longhetti}, M. and {Tamburri}, S. and 
    {Lonoce}, I. and {Ciocca}, F.},
    title = "{Lower mass normalization of the stellar initial mass function for dense massive early-type galaxies at z \~{} 1.4}",
  journal = {\aap},
archivePrefix = "arXiv",
   eprint = {1410.5229},
 keywords = {galaxies: elliptical and lenticular, cD, galaxies: evolution, galaxies: formation, galaxies: high-redshift, galaxies: stellar content},
     year = 2015,
    month = jan,
   volume = 573,
      eid = {A110},
    pages = {A110},
      doi = {10.1051/0004-6361/201424235},
   adsurl = {http://adsabs.harvard.edu/abs/2015A%26A...573A.110G},
  adsnote = {Provided by the SAO/NASA Astrophysics Data System}
}

@ARTICLE{S+C14,
   author = {{Shetty}, S. and {Cappellari}, M.},
    title = "{Salpeter Normalization of the Stellar Initial Mass Function for Massive Galaxies at z \~{} 1}",
  journal = {\apjl},
archivePrefix = "arXiv",
   eprint = {1402.7354},
 keywords = {galaxies: evolution, galaxies: formation, galaxies: high-redshift, galaxies: kinematics and dynamics, galaxies: structure},
     year = 2014,
    month = may,
   volume = 786,
      eid = {L10},
    pages = {L10},
      doi = {10.1088/2041-8205/786/2/L10},
   adsurl = {http://adsabs.harvard.edu/abs/2014ApJ...786L..10S},
  adsnote = {Provided by the SAO/NASA Astrophysics Data System}
}

@ARTICLE{New++15,
   author = {{Newman}, A.~B. and {Ellis}, R.~S. and {Treu}, T.},
    title = "{Luminous and Dark Matter Profiles from Galaxies to Clusters: Bridging the Gap with Group-scale Lenses}",
  journal = {\apj},
archivePrefix = "arXiv",
   eprint = {1503.05282},
 keywords = {dark matter, galaxies: elliptical and lenticular, cD, gravitational lensing: strong},
     year = 2015,
    month = nov,
   volume = 814,
      eid = {26},
    pages = {26},
      doi = {10.1088/0004-637X/814/1/26},
   adsurl = {http://adsabs.harvard.edu/abs/2015ApJ...814...26N},
  adsnote = {Provided by the SAO/NASA Astrophysics Data System}
}

@ARTICLE{New++13,
   author = {{Newman}, A.~B. and {Treu}, T. and {Ellis}, R.~S. and {Sand}, D.~J.
    },
    title = "{The Density Profiles of Massive, Relaxed Galaxy Clusters. II. Separating Luminous and Dark Matter in Cluster Cores}",
  journal = {\apj},
archivePrefix = "arXiv",
   eprint = {1209.1392},
 keywords = {dark matter, galaxies: elliptical and lenticular, cD, gravitational lensing: strong, gravitational lensing: weak, stars: kinematics and dynamics},
     year = 2013,
    month = mar,
   volume = 765,
      eid = {25},
    pages = {25},
      doi = {10.1088/0004-637X/765/1/25},
   adsurl = {http://adsabs.harvard.edu/abs/2013ApJ...765...25N},
  adsnote = {Provided by the SAO/NASA Astrophysics Data System}
}

@ARTICLE{Hop++10,
   author = {{Hopkins}, P.~F. and {Bundy}, K. and {Hernquist}, L. and {Wuyts}, S. and 
    {Cox}, T.~J.},
    title = "{Discriminating between the physical processes that drive spheroid size evolution}",
  journal = {\mnras},
archivePrefix = "arXiv",
   eprint = {0909.2039},
 keywords = {galaxies: active, galaxies: evolution, galaxies: formation, quasars: general, cosmology: theory},
     year = 2010,
    month = jan,
   volume = 401,
    pages = {1099-1117},
      doi = {10.1111/j.1365-2966.2009.15699.x},
   adsurl = {http://adsabs.harvard.edu/abs/2010MNRAS.401.1099H},
  adsnote = {Provided by the SAO/NASA Astrophysics Data System}
}

@ARTICLE{Off15,
   author = {{Offner}, S.~S.~R.},
    title = "{An Observational Perspective of the IMF: Progress and Challenges}",
  journal = {ArXiv e-prints},
archivePrefix = "arXiv",
   eprint = {1510.06027},
 primaryClass = "astro-ph.SR",
 keywords = {Astrophysics - Solar and Stellar Astrophysics},
     year = 2015,
    month = oct,
   adsurl = {http://adsabs.harvard.edu/abs/2015arXiv151006027O},
  adsnote = {Provided by the SAO/NASA Astrophysics Data System}
}

@ARTICLE{TRN13,
   author = {{Tortora}, C. and {Romanowsky}, A.~J. and {Napolitano}, N.~R.
    },
    title = "{An Inventory of the Stellar Initial Mass Function in Early-type Galaxies}",
  journal = {\apj},
archivePrefix = "arXiv",
   eprint = {1207.4475},
 keywords = {galaxies: elliptical and lenticular, cD, galaxies: evolution, galaxies: general },
     year = 2013,
    month = mar,
   volume = 765,
      eid = {8},
    pages = {8},
      doi = {10.1088/0004-637X/765/1/8},
   adsurl = {http://adsabs.harvard.edu/abs/2013ApJ...765....8T},
  adsnote = {Provided by the SAO/NASA Astrophysics Data System}
}

@ARTICLE{SLC15,
   author = {{Smith}, R.~J. and {Lucey}, J.~R. and {Conroy}, C.},
    title = "{The SINFONI Nearby Elliptical Lens Locator Survey: discovery of two new low-redshift strong lenses and implications for the initial mass function in giant early-type galaxies}",
  journal = {\mnras},
archivePrefix = "arXiv",
   eprint = {1503.02661},
 keywords = {gravitational lensing: strong, stars: luminosity function, mass function, galaxies: elliptical and lenticular, cD, galaxies: stellar content},
     year = 2015,
    month = jun,
   volume = 449,
    pages = {3441-3457},
      doi = {10.1093/mnras/stv518},
   adsurl = {http://adsabs.harvard.edu/abs/2015MNRAS.449.3441S},
  adsnote = {Provided by the SAO/NASA Astrophysics Data System}
}

@ARTICLE{Dut++12,
   author = {{Dutton}, A.~A. and {Mendel}, J.~T. and {Simard}, L.},
    title = "{Evidence for a non-universal stellar initial mass function in low-redshift high-density early-type galaxies}",
  journal = {\mnras},
archivePrefix = "arXiv",
   eprint = {1111.2905},
 keywords = {stars: luminosity function, mass function, galaxies: elliptical and lenticular, cD, galaxies: fundamental parameters, galaxies: kinematics and dynamics, galaxies: structure},
     year = 2012,
    month = may,
   volume = 422,
    pages = {33-37},
      doi = {10.1111/j.1745-3933.2012.01230.x},
   adsurl = {http://adsabs.harvard.edu/abs/2012MNRAS.422L..33D},
  adsnote = {Provided by the SAO/NASA Astrophysics Data System}
}

@ARTICLE{Mar++15,
   author = {{Mart{\'{\i}}n-Navarro}, I. and {Barbera}, F.~L. and {Vazdekis}, A. and 
    {Falc{\'o}n-Barroso}, J. and {Ferreras}, I.},
    title = "{Radial variations in the stellar initial mass function of early-type galaxies}",
  journal = {\mnras},
archivePrefix = "arXiv",
   eprint = {1404.6533},
 keywords = {galaxies: elliptical and lenticular, cD, galaxies: evolution, galaxies: formation, galaxies: fundamental parameters},
     year = 2015,
    month = feb,
   volume = 447,
    pages = {1033-1048},
      doi = {10.1093/mnras/stu2480},
   adsurl = {http://adsabs.harvard.edu/abs/2015MNRAS.447.1033M},
  adsnote = {Provided by the SAO/NASA Astrophysics Data System}
}

@ARTICLE{Gav++07,
   author = {{Gavazzi}, R. and {Treu}, T. and {Rhodes}, J.~D. and {Koopmans}, L.~V.~E. and 
    {Bolton}, A.~S. and {Burles}, S. and {Massey}, R.~J. and {Moustakas}, L.~A.
    },
    title = "{The Sloan Lens ACS Survey. IV. The Mass Density Profile of Early-Type Galaxies out to 100 Effective Radii}",
  journal = {\apj},
   eprint = {astro-ph/0701589},
 keywords = {Cosmology: Dark Matter, Galaxies: Elliptical and Lenticular, cD, Galaxies: Structure, Cosmology: Gravitational Lensing},
     year = 2007,
    month = sep,
   volume = 667,
    pages = {176-190},
      doi = {10.1086/519237},
   adsurl = {http://adsabs.harvard.edu/abs/2007ApJ...667..176G},
  adsnote = {Provided by the SAO/NASA Astrophysics Data System}
}

@ARTICLE{Nag++05,
   author = {{Nagashima}, M. and {Lacey}, C.~G. and {Okamoto}, T. and {Baugh}, C.~M. and 
    {Frenk}, C.~S. and {Cole}, S.},
    title = "{The metal enrichment of elliptical galaxies in hierarchical galaxy formation models}",
  journal = {\mnras},
   eprint = {astro-ph/0504618},
 keywords = {stars: luminosity function, mass function, galaxies: clusters: general, galaxies: formation, large-scale structure of Universe},
     year = 2005,
    month = oct,
   volume = 363,
    pages = {L31-L35},
      doi = {10.1111/j.1745-3933.2005.00078.x},
   adsurl = {http://adsabs.harvard.edu/abs/2005MNRAS.363L..31N},
  adsnote = {Provided by the SAO/NASA Astrophysics Data System}
}

@ARTICLE{Bek13,
   author = {{Bekki}, K.},
    title = "{Simulating galaxy evolution with a non-universal stellar initial mass function}",
  journal = {\mnras},
archivePrefix = "arXiv",
   eprint = {1309.3878},
 keywords = {stars: formation, galaxies: evolution, galaxies: formation, galaxies: ISM},
     year = 2013,
    month = dec,
   volume = 436,
    pages = {2254-2275},
      doi = {10.1093/mnras/stt1735},
   adsurl = {http://adsabs.harvard.edu/abs/2013MNRAS.436.2254B},
  adsnote = {Provided by the SAO/NASA Astrophysics Data System}
}

@ARTICLE{Cha++15,
   author = {{Chattopadhyay}, T. and {De}, T. and {Warlu}, B. and {Chattopadhyay}, A.~K.
    },
    title = "{Cosmic History of the Integrated Galactic Stellar Initial Mass Function: A Simulation Study}",
  journal = {\apj},
archivePrefix = "arXiv",
   eprint = {1411.3848},
 keywords = {galaxies: evolution, stars: evolution, stars: formation},
     year = 2015,
    month = jul,
   volume = 808,
      eid = {24},
    pages = {24},
      doi = {10.1088/0004-637X/808/1/24},
   adsurl = {http://adsabs.harvard.edu/abs/2015ApJ...808...24C},
  adsnote = {Provided by the SAO/NASA Astrophysics Data System}
}

@ARTICLE{GargiuloI++15,
   author = {{Gargiulo}, I.~D. and {Cora}, S.~A. and {Padilla}, N.~D. and 
    {Mu{\~n}oz Arancibia}, A.~M. and {Ruiz}, A.~N. and {Orsi}, A.~A. and 
    {Tecce}, T.~E. and {Weidner}, C. and {Bruzual}, G.},
    title = "{Chemoarchaeological downsizing in a hierarchical universe: impact of a top-heavy IGIMF}",
  journal = {\mnras},
archivePrefix = "arXiv",
   eprint = {1402.3296},
 keywords = {methods: numerical, galaxies: abundances, galaxies: formation},
     year = 2015,
    month = feb,
   volume = 446,
    pages = {3820-3841},
      doi = {10.1093/mnras/stu2272},
   adsurl = {http://adsabs.harvard.edu/abs/2015MNRAS.446.3820G},
  adsnote = {Provided by the SAO/NASA Astrophysics Data System}
}

@ARTICLE{Fon++16,
   author = {{Fontanot}, F. and {De Lucia}, G. and {Hirschmann}, M. and {Bruzual}, G. and 
    {Charlot}, S. and {Zibetti}, S.},
    title = "{Variations of the initial mass function in semi-analytical models: implications for the chemical enrichment of galaxies in the GAEA model}",
  journal = {ArXiv e-prints},
archivePrefix = "arXiv",
   eprint = {1606.01908},
 keywords = {Astrophysics - Astrophysics of Galaxies},
     year = 2016,
    month = jun,
   adsurl = {http://adsabs.harvard.edu/abs/2016arXiv160601908F},
  adsnote = {Provided by the SAO/NASA Astrophysics Data System}
}

@ARTICLE{LaB++16,
   author = {{La Barbera}, F. and {Vazdekis}, A. and {Ferreras}, I. and {Pasquali}, A. and 
    {Cappellari}, M. and {Mart{\'{\i}}n-Navarro}, I. and {Sch{\"o}nebeck}, F. and 
    {Falc{\'o}n-Barroso}, J.},
    title = "{Radial constraints on the initial mass function from TiO features and Wing-Ford band in early-type galaxies}",
  journal = {\mnras},
archivePrefix = "arXiv",
   eprint = {1509.08250},
 keywords = {galaxies: elliptical and lenticular, cD, galaxies: formation, galaxies: fundamental parameters, galaxies: stellar content},
     year = 2016,
    month = apr,
   volume = 457,
    pages = {1468-1489},
      doi = {10.1093/mnras/stv2996},
   adsurl = {http://adsabs.harvard.edu/abs/2016MNRAS.457.1468L},
  adsnote = {Provided by the SAO/NASA Astrophysics Data System}
}

@ARTICLE{MLM16,
   author = {{McConnell}, N.~J. and {Lu}, J.~R. and {Mann}, A.~W.},
    title = "{Radial Trends in IMF-sensitive Absorption Features in Two Early-type Galaxies: Evidence for Abundance-driven Gradients}",
  journal = {\apj},
archivePrefix = "arXiv",
   eprint = {1506.07880},
 keywords = {galaxies: abundances, galaxies: elliptical and lenticular, cD, galaxies: star formation, stars: mass function},
     year = 2016,
    month = apr,
   volume = 821,
      eid = {39},
    pages = {39},
      doi = {10.3847/0004-637X/821/1/39},
   adsurl = {http://adsabs.harvard.edu/abs/2016ApJ...821...39M},
  adsnote = {Provided by the SAO/NASA Astrophysics Data System}
}

@ARTICLE{vdW++08,
   author = {{van der Wel}, A. and {Holden}, B.~P. and {Zirm}, A.~W. and 
    {Franx}, M. and {Rettura}, A. and {Illingworth}, G.~D. and {Ford}, H.~C.
    },
    title = "{Recent Structural Evolution of Early-Type Galaxies: Size Growth from z = 1 to z = 0}",
  journal = {\apj},
archivePrefix = "arXiv",
   eprint = {0808.0077},
 keywords = {galaxies: clusters: general, galaxies: elliptical and lenticular, cD, galaxies: evolution, galaxies: formation, galaxies: fundamental parameters, galaxies: general, galaxies: photometry},
     year = 2008,
    month = nov,
   volume = 688,
      eid = {48-58},
    pages = {48-58},
      doi = {10.1086/592267},
   adsurl = {http://adsabs.harvard.edu/abs/2008ApJ...688...48V},
  adsnote = {Provided by the SAO/NASA Astrophysics Data System}
}

@ARTICLE{Cap++09,
   author = {{Cappellari}, M. and {di Serego Alighieri}, S. and {Cimatti}, A. and 
    {Daddi}, E. and {Renzini}, A. and {Kurk}, J.~D. and {Cassata}, P. and 
    {Dickinson}, M. and {Franceschini}, A. and {Mignoli}, M. and 
    {Pozzetti}, L. and {Rodighiero}, G. and {Rosati}, P. and {Zamorani}, G.
    },
    title = "{Dynamical Masses of Early-Type Galaxies at z \~{} 2: Are they Truly Superdense?}",
  journal = {\apjl},
archivePrefix = "arXiv",
   eprint = {0906.3648},
 primaryClass = "astro-ph.GA",
 keywords = {galaxies: elliptical and lenticular, cD, galaxies: evolution, galaxies: formation, galaxies: high-redshift},
     year = 2009,
    month = oct,
   volume = 704,
    pages = {L34-L39},
      doi = {10.1088/0004-637X/704/1/L34},
   adsurl = {http://adsabs.harvard.edu/abs/2009ApJ...704L..34C},
  adsnote = {Provided by the SAO/NASA Astrophysics Data System}
}

@ARTICLE{Ono++12,
   author = {{Onodera}, M. and {Renzini}, A. and {Carollo}, M. and {Cappellari}, M. and 
    {Mancini}, C. and {Strazzullo}, V. and {Daddi}, E. and {Arimoto}, N. and 
    {Gobat}, R. and {Yamada}, Y. and {McCracken}, H.~J. and {Ilbert}, O. and 
    {Capak}, P. and {Cimatti}, A. and {Giavalisco}, M. and {Koekemoer}, A.~M. and 
    {Kong}, X. and {Lilly}, S. and {Motohara}, K. and {Ohta}, K. and 
    {Sanders}, D.~B. and {Scoville}, N. and {Tamura}, N. and {Taniguchi}, Y.
    },
    title = "{Deep Near-infrared Spectroscopy of Passively Evolving Galaxies at z $\gt$\~{} 1.4}",
  journal = {\apj},
archivePrefix = "arXiv",
   eprint = {1206.1540},
 keywords = {galaxies: evolution, galaxies: formation, galaxies: high-redshift},
     year = 2012,
    month = aug,
   volume = 755,
      eid = {26},
    pages = {26},
      doi = {10.1088/0004-637X/755/1/26},
   adsurl = {http://adsabs.harvard.edu/abs/2012ApJ...755...26O},
  adsnote = {Provided by the SAO/NASA Astrophysics Data System}
}

@ARTICLE{New++10,
   author = {{Newman}, A.~B. and {Ellis}, R.~S. and {Treu}, T. and {Bundy}, K.
    },
    title = "{Keck Spectroscopy of z $\gt$ 1 Field Spheroidals: Dynamical Constraints on the Growth Rate of Red ''Nuggets''}",
  journal = {\apjl},
archivePrefix = "arXiv",
   eprint = {1004.1331},
 keywords = {galaxies: elliptical and lenticular, cD, galaxies: evolution},
     year = 2010,
    month = jul,
   volume = 717,
    pages = {L103-L107},
      doi = {10.1088/2041-8205/717/2/L103},
   adsurl = {http://adsabs.harvard.edu/abs/2010ApJ...717L.103N},
  adsnote = {Provided by the SAO/NASA Astrophysics Data System}
}

@ARTICLE{Bez++13,
   author = {{Bezanson}, R. and {van Dokkum}, P. and {van de Sande}, J. and 
    {Franx}, M. and {Kriek}, M.},
    title = "{Massive and Newly Dead: Discovery of a Significant Population of Galaxies with High-velocity Dispersions and Strong Balmer Lines at z \~{} 1.5 from Deep Keck Spectra and HST/WFC3 Imaging}",
  journal = {\apjl},
archivePrefix = "arXiv",
   eprint = {1210.7236},
 keywords = {cosmology: observations, galaxies: evolution, galaxies: formation, galaxies: fundamental parameters},
     year = 2013,
    month = feb,
   volume = 764,
      eid = {L8},
    pages = {L8},
      doi = {10.1088/2041-8205/764/1/L8},
   adsurl = {http://adsabs.harvard.edu/abs/2013ApJ...764L...8B},
  adsnote = {Provided by the SAO/NASA Astrophysics Data System}
}

@ARTICLE{vdS++13,
   author = {{van de Sande}, J. and {Kriek}, M. and {Franx}, M. and {van Dokkum}, P.~G. and 
    {Bezanson}, R. and {Bouwens}, R.~J. and {Quadri}, R.~F. and 
    {Rix}, H.-W. and {Skelton}, R.~E.},
    title = "{Stellar Kinematics of z \~{} 2 Galaxies and the Inside-out Growth of Quiescent Galaxies}",
  journal = {\apj},
archivePrefix = "arXiv",
   eprint = {1211.3424},
 keywords = {cosmology: observations, galaxies: evolution, galaxies: formation},
     year = 2013,
    month = jul,
   volume = 771,
      eid = {85},
    pages = {85},
      doi = {10.1088/0004-637X/771/2/85},
   adsurl = {http://adsabs.harvard.edu/abs/2013ApJ...771...85V},
  adsnote = {Provided by the SAO/NASA Astrophysics Data System}
}

@ARTICLE{NFW97,
   author = {{Navarro}, J.~F. and {Frenk}, C.~S. and {White}, S.~D.~M.},
    title = "{A Universal Density Profile from Hierarchical Clustering}",
  journal = {\apj},
   eprint = {astro-ph/9611107},
 keywords = {Cosmology: Theory, Cosmology: Dark Matter, Galaxies: Halos, Methods: Numerical},
     year = 1997,
    month = dec,
   volume = 490,
    pages = {493-508},
   adsurl = {http://adsabs.harvard.edu/abs/1997ApJ...490..493N},
  adsnote = {Provided by the SAO/NASA Astrophysics Data System}
}

@ARTICLE{Pos++14,
   author = {{Posti}, L. and {Nipoti}, C. and {Stiavelli}, M. and {Ciotti}, L.
    },
    title = "{The imprint of dark matter haloes on the size and velocity dispersion evolution of early-type galaxies}",
  journal = {\mnras},
archivePrefix = "arXiv",
   eprint = {1310.2255},
 keywords = {galaxies: evolution, galaxies: formation, galaxies: haloes, dark matter},
     year = 2014,
    month = may,
   volume = 440,
    pages = {610-623},
      doi = {10.1093/mnras/stu301},
   adsurl = {http://adsabs.harvard.edu/abs/2014MNRAS.440..610P},
  adsnote = {Provided by the SAO/NASA Astrophysics Data System}
}

